<?xml version="1.0" encoding="UTF-8" ?>
<collection xmlns:xsi="http://www.w3.org/2001/XMLSchema-instance"
    xsi:schemaLocation="http://www.loc.gov/MARC21/slim
        http://www.loc.gov/standards/marcxml/schema/MARC21slim.xsd"
    xmlns="http://www.loc.gov/MARC21/slim">
<record>
  <leader>00227cam a2200421 ia4500</leader>
  <controlfield tag="001">b12508032</controlfield>
  <controlfield tag="003">LeBAU</controlfield>
  <controlfield tag="005">20190527</controlfield>
  <controlfield tag="008">110524s1956    le            000 0 ara d</controlfield>
  <datafield tag="035" ind1=" " ind2=" ">
    <subfield code="a">ocn784364728</subfield>
  </datafield>
  <datafield tag="040" ind1=" " ind2=" ">
    <subfield code="a">LEAUB</subfield>
    <subfield code="b">ara</subfield>
    <subfield code="e">rda</subfield>
    <subfield code="c">LEAUB</subfield>
    <subfield code="d">LEAUB</subfield>
  </datafield>
  <datafield tag="082" ind1="0" ind2="4">
    <subfield code="a">781.71</subfield>
    <subfield code="2">23</subfield>
  </datafield>
  <datafield tag="100" ind1="1" ind2=" ">
    <subfield code="6">880-01</subfield>
    <subfield code="a">Murr, Mitrī,</subfield>
    <subfield code="e">compiler.</subfield>
  </datafield>
  <datafield tag="245" ind1="1" ind2="0">
    <subfield code="6">880-02</subfield>
    <subfield code="a">Zād al-musāfir :</subfield>
    <subfield code="b">wa-huwa muṣaḥḥaḥ mā taqaddamahu min al-kutub al-mumāthilah /</subfield>
    <subfield code="c">li-muṣaḥḥiḥihi wa-muwaqqiʻ muʻẓam qawānīnihi wa-tarātīlihi ʻalá awzānihā al-aṣlīyah Mitrī al-Murr, Brūtūbsāltī al-Kursī al-Anṭākī.</subfield>
  </datafield>
  <datafield tag="264" ind1=" " ind2="1">
    <subfield code="6">880-03</subfield>
    <subfield code="a">Bayrūt :</subfield>
    <subfield code="b">[Mitrī al-Murr],</subfield>
    <subfield code="c">1956.</subfield>
  </datafield>
  <datafield tag="300" ind1=" " ind2=" ">
    <subfield code="6">880-04</subfield>
    <subfield code="a">2 volumes ;</subfield>
    <subfield code="c">18 cm</subfield>
  </datafield>
  <datafield tag="336" ind1=" " ind2=" ">
    <subfield code="a">text</subfield>
    <subfield code="b">txt</subfield>
    <subfield code="2">rdacontent</subfield>
  </datafield>
  <datafield tag="337" ind1=" " ind2=" ">
    <subfield code="a">unmediated</subfield>
    <subfield code="b">n</subfield>
    <subfield code="2">rdamedia</subfield>
  </datafield>
  <datafield tag="338" ind1=" " ind2=" ">
    <subfield code="a">volume</subfield>
    <subfield code="b">nc</subfield>
    <subfield code="2">rdacarrier</subfield>
  </datafield>
  <datafield tag="505" ind1="0" ind2="0">
    <subfield code="t">زاد المسافر:</subfield>
    <subfield code="g">الجزء الأول.</subfield>
    <subfield code="t">يحتوي على الصلوات اليومية الضرورية والأحدية والتذكارية من كتب السواعي والمعزي والميناون والتريودي حتى مساء أحد الشعانين --</subfield>
    <subfield code="g">الجزء الثاني.</subfield>
    <subfield code="t">يبتدئ من أول الأسبوع العظيم المقدس فالفصح المجيد وينتهي في أحد جميع القديسين.</subfield>
  </datafield>
  <datafield tag="588" ind1=" " ind2=" ">
    <subfield code="a">تاريخ النشر أخذ من صفحة [5] ؛ مكان النشر اخذ من المقدمة.</subfield>
  </datafield>
  <datafield tag="650" ind1=" " ind2="4">
    <subfield code="a">الصلاة</subfield>
    <subfield code="x">المسيحية.</subfield>
  </datafield>
  <datafield tag="650" ind1=" " ind2="4">
    <subfield code="a">الموسيقى الكنسية</subfield>
    <subfield code="x">الكنيسة الأرثوذكسية الشرقية</subfield>
    <subfield code="x">التراتيل.</subfield>
  </datafield>
  <datafield tag="650" ind1=" " ind2="4">
    <subfield code="a">موسيقى عيد الفصح.</subfield>
  </datafield>
  <datafield tag="650" ind1=" " ind2="0">
    <subfield code="a">Prayer</subfield>
    <subfield code="x">Christianity.</subfield>
  </datafield>
  <datafield tag="650" ind1=" " ind2="0">
    <subfield code="a">Church music</subfield>
    <subfield code="x">Orthodox Eastern Church</subfield>
    <subfield code="x">Hymns.</subfield>
  </datafield>
  <datafield tag="650" ind1=" " ind2="0">
    <subfield code="a">Easter Music.</subfield>
  </datafield>
  <datafield tag="852" ind1=" " ind2=" ">
    <subfield code="a">Jafet Library</subfield>
    <subfield code="e">American University of Beirut, Bliss Street, Beirut, Lebanon.‎</subfield>
  </datafield>
  <datafield tag="880" ind1="1" ind2=" ">
    <subfield code="6">100-01/(3/r</subfield>
    <subfield code="a">المر، متري،</subfield>
    <subfield code="e">معد. </subfield>
    <subfield code="4">com.</subfield>
  </datafield>
  <datafield tag="880" ind1="1" ind2="0">
    <subfield code="6">245-02/(3/r</subfield>
    <subfield code="a">زاد المسافر :</subfield>
    <subfield code="b">وهو مصحح ما تقدمه من الكتب المماثلة /</subfield>
    <subfield code="c">لمصححه وموقّع معظم قوانينه وتراتيله على أوزانها الأصلية متري المر، بروتوبسالتي الكرسي الانطاكي.</subfield>
  </datafield>
  <datafield tag="880" ind1=" " ind2="1">
    <subfield code="6">264-03/(3/r</subfield>
    <subfield code="a">بيروت :</subfield>
    <subfield code="b">[متري المر]،</subfield>
    <subfield code="c">1956.</subfield>
  </datafield>
  <datafield tag="880" ind1=" " ind2=" ">
    <subfield code="6">300-04/(3/r</subfield>
    <subfield code="a">2 جزء ؛</subfield>
    <subfield code="c">18 سم</subfield>
  </datafield>
  <datafield tag="907" ind1=" " ind2=" ">
    <subfield code="a">.b12508032</subfield>
    <subfield code="b">19-06-11</subfield>
    <subfield code="c">11-05-24</subfield>
  </datafield>
  <datafield tag="907" ind1=" " ind2=" ">
    <subfield code="a">.b12508032</subfield>
    <subfield code="b">15-10-15</subfield>
    <subfield code="c">11-05-24</subfield>
  </datafield>
  <datafield tag="945" ind1=" " ind2=" ">
    <subfield code="f">J</subfield>
    <subfield code="a">781.71:M979zA:v.1</subfield>
    <subfield code="i">01030042</subfield>
    <subfield code="j">.i13004025</subfield>
    <subfield code="l">u0503</subfield>
  </datafield>
  <datafield tag="945" ind1=" " ind2=" ">
    <subfield code="f">J</subfield>
    <subfield code="a">781.71:M979zA:v.2:c.2</subfield>
    <subfield code="i">01030044</subfield>
    <subfield code="j">.i13004037</subfield>
    <subfield code="l">u0503</subfield>
  </datafield>
  <datafield tag="945" ind1=" " ind2=" ">
    <subfield code="f">J</subfield>
    <subfield code="a">781.71:M979zA:v.2:c.1</subfield>
    <subfield code="i">00289207</subfield>
    <subfield code="j">.i13004049</subfield>
    <subfield code="l">u0503</subfield>
  </datafield>
  <datafield tag="998" ind1=" " ind2=" ">
    <subfield code="a">u05</subfield>
    <subfield code="b">97-07-07</subfield>
    <subfield code="c">m</subfield>
    <subfield code="d">a  </subfield>
    <subfield code="e">-</subfield>
    <subfield code="f">ara</subfield>
    <subfield code="g">le </subfield>
    <subfield code="h">0</subfield>
    <subfield code="i">3</subfield>
  </datafield>
</record>
</collection>
